<?xml version="1.0" encoding="UTF-8" ?><marc:record xmlns:marc="http://www.loc.gov/MARC21/slim"><marc:leader>00444nam a2200109   4500</marc:leader><marc:controlfield tag="001">1000117</marc:controlfield><marc:controlfield tag="008">100120s1834        enk       |00|| und d</marc:controlfield><marc:datafield tag="100" ind1="1" ind2=" "><marc:subfield code="a">Darwin, Charles.</marc:subfield></marc:datafield><marc:datafield tag="245" ind1="1" ind2="0"><marc:subfield code="a">über den Begriff der Pflanzenart und seine Anwendung. :</marc:subfield><marc:subfield code="b">[Supplementary material in Charles Darwin's copy].</marc:subfield></marc:datafield><marc:datafield tag="500" ind1=" " ind2=" "><marc:subfield code="a">Identifier: Bernhardi1834ez86I_MS.</marc:subfield></marc:datafield><marc:datafield tag="700" ind1="1" ind2=" "><marc:subfield code="a">Bernhardi, Johann Jacob.</marc:subfield></marc:datafield><marc:datafield tag="772" ind1="0" ind2=" "><marc:subfield code="t">über den Begriff der Pflanzenart und seine Anwendung.</marc:subfield><marc:subfield code="o">Bernhardi1834ez86I</marc:subfield></marc:datafield></marc:record>